Untuk setiap referensi, baris pertama (Newton1687) merupakan label dan baris-baris berikutnya
merupakan atribut dari referensi yang akan digunakan. Umumnya, format referensi berikut sudah
disediakan oleh penyedia sumber referensi secara online dan bisa langsung digunakan di sini.

Lihat https://www.bibtex.com/g/bibtex-format/ untuk informasi lebih lanjut mengenai format
BibTex yang digunakan pada file ini.

@MISC{RPJMN,
  author = {Kementrian PPN/Bappenas},
  title = {Rencana Pembangunan Jangka Menengah Nasional (RPJMN) 2020--2024},
  month = april,
  year = {2020},
  howpublished={\url{https://www.bappenas.go.id/id/berita-dan-siaran-pers/rencana-pembangunan-jangka-menengah-nasional-rpjmn-2020-2024/}}
}

@MISC{stranas,
  author = {Cloud Computing Indonesia},
  title = {BPPT Tetapkan 5 Bidang Prioritas Pengembangan Teknologi AI di Indonesia},
  month = november,
  year = {2020},
  howpublished={\url{https://www.cloudcomputing.id/berita/bppt-tetapkan-5-prioritas-pengembangan-ai}}
}

@article{gultom2018batik,
  title={Batik Classification using Deep Convolutional Network Transfer Learning},
  author={Gultom, Yohanes and Arymurthy, Aniati Murni and Masikome, Rian Josua},
  journal={Jurnal Ilmu Komputer dan Informasi},
  volume={11},
  number={2},
  pages={59--66},
  year={2018}
}

@article{Newton1687,
  author={I. {Newton}},
  journal={Philosophi√¶ Naturalis Principia Mathematica},
  title={Axioms or Laws of Motion},
  year={1687}}

@misc{DiscoverySpaceShuttle,
  title={Pesawat Ruang Angkasa Discovery},
  year=2021,
  url={https://airandspace.si.edu/explore-and-learn/topics/discovery/about.cfm},
  urldate={2021-02-03}}
